
@article{goodfellow_generative_2014,
  added-at = {2017-01-09T13:57:26.000+0100},
  author = {Goodfellow, Ian J. and Pouget-Abadie, Jean and Mirza, Mehdi and Xu, Bing and Warde-Farley, David and Ozair, Sherjil and Courville, Aaron and Bengio, Yoshua},
  biburl = {https://www.bibsonomy.org/bibtex/26ac35c50dee39ad973298799a489b95a/yourwelcome},
  interhash = {2f4fdea569fc1ba2057a9af75bb95bc4},
  intrahash = {6ac35c50dee39ad973298799a489b95a},
  keywords = {Learning, Machine deep generative learning learning, model, unsupervised},
  month = jun,
  timestamp = {2017-01-09T14:01:11.000+0100},
  title = {Generative {Adversarial} {Networks}},
  url = {https://arxiv.org/abs/1406.2661},
  urldate = {2017-01-08},
  year = 2014
}

@misc{antoniou2018data,
      title={Data Augmentation Generative Adversarial Networks}, 
      author={Antreas Antoniou and Amos Storkey and Harrison Edwards},
      year={2018},
      eprint={1711.04340},
      archivePrefix={arXiv},
      primaryClass={stat.ML}
}


@misc{radford2016unsupervised,
      title={Unsupervised Representation Learning with Deep Convolutional Generative Adversarial Networks}, 
      author={Alec Radford and Luke Metz and Soumith Chintala},
      year={2016},
      eprint={1511.06434},
      archivePrefix={arXiv},
      primaryClass={cs.LG}
}